% ------------------------------------------------------------------------
% SAMPLE BIBLIOGRAPHY FILE
% ------------------------------------------------------------------------
@techreport{IEEE2015,
  title={Towards a Definition of the Internet of Things},
  author={{IEEE Internet of Things Initiative}},
  year={2015},
  institution={IEEE},
  url={https://iot.ieee.org/images/files/pdf/IEEE_IoT_Towards_Definition_Internet_of_Things_Revision1_27MAY15.pdf}
}

@techreport{ipsos2021iot,
  author    = {Ipsos MORI},
  title     = {Consumer attitudes towards IoT security: Research report},
  year      = {2021},
  institution = {Department for Digital, Culture, Media and Sport (DCMS)},
  url       = {https://assets.publishing.service.gov.uk/government/uploads/system/uploads/attachment_data/file/978685/Consumer_Attitudes_Towards_IoT_Security_-_Research_Report.pdf}
}

@misc{checkpoint2023iot,
  author       = {Checkpoint},
  title        = {The tipping point: Exploring the surge in IoT cyberattacks plaguing the education sector},
  year         = {2023},
  url          = {https://blog.checkpoint.com/security/the-tipping-point-exploring-the-surge-in-iot-cyberattacks-plaguing-the-education-sector/},
   note         = {Accedido: 23 de Junio de 2024}
}

@misc{owaspTopTen,
  author       = {{OWASP}},
  title        = {OWASP Internet of Things Project},
  year         = 2018,
  url          = {https://wiki.owasp.org/index.php/OWASP_Internet_of_Things_Project#tab=OWASP_IoT_Top_10_2018_Mapping_Project},
  note         = {Consultado el 13 de febrero de 2024},
}

@misc{owasp,
  author       = {{OWASP}},
  title        = {OWASP Internet of Things Project},
  year         = 2024,
  url          = {https://wiki.owasp.org/index.php/OWASP_Internet_of_Things_Project#tab=IoT_Vulnerabilities},
  note         = {Consultado el 13 de febrero de 2024},
}

@misc{Verizon2024,
  author = {{Verizon}},
  title = {2024 Data Breach Investigations Report},
  year = {2024},
  url = {https://www.verizon.com/business/resources/reports/dbir/},
  note = {Consultado el 10 de abril de 2024}
}

@misc{Verizon2023,
  author = {{Verizon}},
  title = {2023 Data Breach Investigations Report},
  year = {2023},
  url = {https://www.verizon.com/business/resources/reports/dbir/},
  note = {Consultado el 4 de marzo de 2024}
}

@misc{SectigoNoDate,
  author = {{Sectigo}},
  title = {Evolution of IoT Attacks Report},
  year = {2024},
  url = {https://www.sectigo.com/download-content?target=resource-library/sectigo-evolution-of-iot-attacks-report&utm_campaign=iot-attacks-study},
  note = {Consultado el 24 de enero de 2024}
}

@misc{Sinha2023,
  author = {Sinha, Satyajit},
  title = {State of IoT 2023: Number of connected IoT devices growing 16 to 16.7 billion globally},
  year = {2023},
  url = {https://iot-analytics.com/number-connected-iot-devices/},
  note = {Consultado el 24 de agosto de 2024}
}

@article{meneghello2019iot,
  author    = {Meneghello, Francesca and Calore, Matteo and Zucchetto, Daniel and Polese, Michele and Zanella, Andrea},
  title     = {IoT: Internet of Threats? A survey of practical security vulnerabilities in real IoT devices},
  journal   = {IEEE},
  year      = {2019},
  volume    = {21},
  number    = {6},
  pages     = {1211-1232},
  month     = {6},
  publisher = {IEEE},
  note      = {Accedido: 9 de agosto de 2024}
}

@conference{brea2018hub,
  author    = {Brea, Ricardo},
  title     = {Hub Of Things: concentrador para internet de las cosas},
  booktitle = {XXIV Congreso Argentino de Ciencias de la Computación (CACIC 2018)},
  year      = {2018},
  publisher = {Red de Universidades con Carreras en Informática (RedUNCI)},
  pages     = {673--682},
  address   = {La Plata, Argentina},
  month     = {10},
  isbn      = {978-950-658-472-6},
  url       = {http://sedici.unlp.edu.ar/handle/10915/73296}
}

@misc{Brotherston2019,
  author    = {Lee Brotherston},
  title     = {IoT Security: An Insider's Perspective},
  year      = {2019},
  organization = {Ecobee},
  note      = {Presentación sobre la seguridad de dispositivos IoT},
  url       = {https://ecobee.com}
}

@misc{iot-analytics,
  author       = {{IoT Analytics}},
  title        = {Number of connected IoT devices},
  url          = {https://iot-analytics.com/number-connected-iot-devices/},
  note         = {Accedido: 18 de Septiembre 2024}
}

@conference{barbosa2020,
  author       = {Barbosa, Felipe},
  title        = {Improving IoT Technology Adoption through Improving Consumer Trust},
  year         = {2020},
  note         = {Accedido: 9 de Julio de 2024},
  url          = {https://www.usenix.org/conference/soups2020/presentation/barbosa},
  booktitle    = {Proceedings of the 2020 Symposium on Usable Privacy and Security (SOUPS)}
}

@misc{consilium_data_protection,
  title        = {General Data Protection Regulation (GDPR)},
  author       = {{Council of the European Union}},
  year         = {2016},
  url          = {https://www.consilium.europa.eu/en/policies/data-protection/data-protection-regulation/},
  note         = {Accessed: 2024-08-16}
}

@misc{infographics,
  title        = {General Data Protection Regulation (GDPR) Infographics},
  author       = {{Council of the European Union}},
  year         = {2018},
  url          = {https://www.consilium.europa.eu/en/infographics/data-protection-regulation-infographics/#0},
  note         = {Accessed: 2024-08-16}
}

@misc{etsi,
  title        = {ETSI},
  author       = {{ETSI}},
  url          = {https://www.etsi.org/about},
  note         = {Accessed: 2024-08-16}
}

@techreport{ETSI_EN303645_2020,
  title        = {{Cyber Security for Consumer Internet of Things: Baseline Requirements}},
  author       = {{European Telecommunications Standards Institute (ETSI)}},
  institution  = {ETSI},
  year         = {2020},
  number       = {EN 303 645 V2.1.1},
  address      = {Sophia Antipolis, France},
  url          = {https://www.etsi.org/deliver/etsi_en/303600_303699/303645/02.01.01_60/en_303645v020101p.pdf},
  note         = {Accessed: 2024-08-16}
}


@mastersthesis{jorgensen2023secops,
  author    = {Per-Arne Jørgensen},
  title     = {Security Operations (SecOps) and the Internet of Things (IoT): Introducing IoT Security Monitoring},
  school    = {Østfold University College},
  year      = {2023},
  address   = {Halden, Norway},
  month     = {6},
  type      = {Master's thesis},
  note      = {Master in Applied Computer Science, Faculty of Computer Science, Engineering and Economics}
}

@book{enisa2023,
  author    = {{European Union Agency for Cybersecurity (ENISA)}},
  title     = {ENISA Threat Landscape 2023},
  year      = {2023},
  isbn      = {978-92-9204-588-3},
  doi       = {10.2824/782573},
  publisher = {ENISA},
}

@article{Tusikov2019,
  title={Regulation through “bricking”: private ordering in the “Internet of Things”},
  author={Tusikov, Natasha},
  journal={Internet Policy Review},
  volume={8},
  number={2},
  year={2019},
  doi={10.14763/2019.2.1405},
  url={http://policyreview.info/articles/analysis/regulation-through-bricking-private-ordering-internet-things}
}

@misc{RedHat2023,
  author = {{Red Hat}},
  title = {¿Qué es DevSecOps?},
  year = {2023},
  url = {https://www.redhat.com/es/topics/devops/what-is-devsecops?sc_cid=7015Y0000048RsyQAE&gad_source=1&gclid=CjwKCAjwiaa2BhAiEiwAQBgyHtX6qv7vvPwfcKX68EeYjgyWIxdjufzGS4_eEoqpoEoGyrcbRhEc0BoCGTEQAvD_BwE},
  note = {Actualizado 15 de marzo de 2023}
}

@misc{Iberdrola,
  author = {{Iberdrola}},
  title = {Edge Computing},
  year = {2024},
  url = {https://www.iberdrola.com/innovacion/que-es-edge-computing#:~:text=QU%C3%89%20ES%20EL%20'EDGE%20COMPUTING,de%20ella%20como%20sea%20posible},
  note = {Actualizado 24 de agosto de 2024}
}

@book{humble2010,
  author    = {Jez Humble and David Farley},
  title     = {Continuous Delivery: Reliable Software Releases through Build, Test, and Deployment Automation},
  year      = {2010},
  publisher = {Addison-Wesley Professional},
}

@book{kim2016,
  author    = {Gene Kim and Jez Humble and Patrick Debois and John Willis},
  title     = {The DevOps Handbook: How to Create World-Class Agility, Reliability, and Security in Technology Organizations},
  year      = {2016},
  publisher = {IT Revolution Press},
}

@article{omitola2018,
  author    = {Tope Omitola and Gary Wills},
  title     = {Towards Mapping the Security Challenges of the Internet of Things (IoT) Supply Chain},
  journal   = {Procedia Computer Science},
  year      = {2018},
  volume    = {126},
  pages     = {441-450},
  doi       = {10.1016/j.procs.2018.07.278},
  url       = {https://doi.org/10.1016/j.procs.2018.07.278},
}

@inproceedings{ekoramaradhya2022,
  author    = {Manasa Ekoramaradhya, M. and Christina Thorpe, C.},
  title     = {A novel DevSecOps model for robust security in an MQTT Internet of Things},
  booktitle = {Proceedings of the 17th International Conference on Cyber Warfare and Security},
  year      = {2022},
  pages     = {63-71},
  doi       = {10.34190/iccws.17.1.31},
  url       = {https://doi.org/10.34190/iccws.17.1.31},
}

@phdthesis{lopez2021devops,
  author       = {López Peña, Miguel Angel},
  title        = {DevOps Aplicado a Sistemas IoT: Definición e Implementación de Procesos Continuos de Monitorización y Retroalimentación},
  school       = {E.T.S.I. de Sistemas Informáticos (UPM), Universidad Politécnica de Madrid},
  year         = {2021},
  type         = {Tesis doctoral},
  doi          = {10.20868/UPM.thesis.68043},
  url          = {https://doi.org/10.20868/UPM.thesis.68043}
}

@misc{hivemq_mqtt_security,
  author    = {{HiveMQ}},
  title     = {MQTT security fundamentals},
  year      = {2024},
  url       = {https://www.hivemq.com/mqtt/mqtt-security-fundamentals/},
  note      = {Accessed: 2024-08-23}
}

@misc{hivemq-mqtt-security_tls_ssl,
  author       = "{HiveMQ Team}",
  title        = "{MQTT Security Fundamentals: TLS/SSL}",
  year         = "2024",
  url          = "{https://www.hivemq.com/blog/mqtt-security-fundamentals-tls-ssl/}",
  note         = "Accessed: 2024-10-04"
}


@misc{mqtt-v5.0,
  author       = "Andrew Banks and Ed Briggs and Ken Borgendale and Rahul Gupta",
  title        = "{MQTT Version 5.0}",
  year         = "2019",
  month        = "March",
  note         = "OASIS Standard",
  url          = "{https://docs.oasis-open.org/mqtt/mqtt/v5.0/mqtt-v5.0.html}",
  version      = "Version 5.0"
}

@misc{rfc7452,
  author = {B. Trammell and E. Kuhne},
  title = {Architectural Considerations in Smart Object Networking},
  howpublished = {Internet Requests for Comments},
  type = {RFC},
  number = {7452},
  year = {2015},
  month = {March},
  publisher = {RFC Editor},
  url = {https://datatracker.ietf.org/doc/html/rfc7452},
}

@misc{rfc9019,
  author = {C. Perkins and M. McBride and H. Qin and L. Deng},
  title = {Multicast Listener Report Message for IPv6 with MLDv2 Extensions},
  howpublished = {Internet Requests for Comments},
  type = {RFC},
  number = {9019},
  year = {2021},
  month = {April},
  publisher = {RFC Editor},
  url = {https://datatracker.ietf.org/doc/html/rfc9019},
}

@misc{rfc7228,
  author       = {C. Bormann and M. Ersue and A. Keranen},
  title        = {Terminology for Constrained-Node Networks},
  howpublished = {Request for Comments 7228, Internet Engineering Task Force},
  institution  = {IETF},
  year         = {2014},
  note         = {ISSN: 2070-1721},
  url          = {https://datatracker.ietf.org/doc/html/rfc7228}
}

@misc{rfc9431,
  author = {A. Farrel and D. King and S. Turner},
  title = {{A Common YANG Data Model for Layer 2 and Layer 3 VPNs}},
  url  = {https://datatracker.ietf.org/doc/rfc9431/},
  year = {2023},
  note = {RFC 9431},
  institution = {Internet Engineering Task Force (IETF)},
}

@misc{rfc8446,
  author       = "Eric Rescorla",
  title        = "{The Transport Layer Security (TLS) Protocol Version 1.3}",
  year         = "2018",
  month        = "August",
  url          = "{https://datatracker.ietf.org/doc/html/rfc8446}",
  note         = "RFC 8446, Internet Engineering Task Force"
}

@misc{RFC9556,
  author    = {J. Hong and Y. G. Hong and X. de Foy and S. Kovatsch and E. Escuela and D. Kutscher},
  title     = {{Desafíos y funciones del Internet de las cosas (IoT) Edge}},
  howpublished = {Request for Comments 9556},
  month     = {abril},
  year      = {2024},
  institution = {Internet Research Task Force},
  url       = {https://datatracker.ietf.org/doc/html/rfc9556},
  note      = {RFC 9556},
}

@misc{IoTSFSCIP2022,
  author       = {{IoT Security Foundation Supply Chain Working Group}},
  title        = {An introduction to the new supply chain security requirements in the IoTSF Security Assurance Framework},
  howpublished = {IoTSF Whitepaper: Securing the Internet of Things Supply Chain, Version 1.0.0},
  editor       = {Amyas Phillips},
  year         = {2022},
  month        = {may},
  note         = {Contributors: Amit Rao, Anjana Priya, Michael Richardson, et al.},
  url          = {https://www.iotsecurityfoundation.org/whitepapers/iotsf-supply-chain-security-whitepaper-v1.0.0.pdf}
}

@misc{aws_devsecops,
  author    = {{Amazon Web Services, Inc.}},
  title     = {¿Qué es DevSecOps?},
  year      = {2024},
  url       = {https://aws.amazon.com/es/what-is/devsecops/},
  note      = {Accessed: 2024-08-24}
}

@misc{MicrosoftDevOps,
  author       = {Microsoft Azure},
  title        = {What is DevOps?},
  url          = {https://azure.microsoft.com/es-es/resources/cloud-computing-dictionary/what-is-devops/},
  year         = {2024},
  note         = {Último acceso: 4 de octubre de 2024}
}

@misc{MicrosoftLearnDevOps,
  author       = {Microsoft Learn},
  title        = {What is DevOps?},
  url          = {https://learn.microsoft.com/es-es/devops/what-is-devops#implement-devops-practices},
  year         = {2024},
  note         = {Último acceso: 4 de octubre de 2024}
}

@misc{coap_space,
  author    = {{CoAP}},
  title     = {CoAP Space},
  year      = {2024},
  url       = {https://coap.space/},
  note      = {Accessed: 2024-08-25}
}

@mastersthesis{millan_2019,
  author    = {Millán Yanes, Antonio},
  title     = {Estudio de implementaciones del Protocolo CoAP},
  year      = {2019},
  type      = {Proyecto Fin de Carrera},
  school    = {Universidad de Sevilla},
  location  = {Sevilla, España},
  note      = {Tutor: Antonio Estepa Alonso, Profesor Titular, Dpto. Telemática, Escuela Técnica Superior de Ingeniería, Ingeniería de Telecomunicación}
}

@misc{avg2024,
  author       = {{AVG}},
  title        = {Firmware de seguridad para dispositivos},
  year         = {2024},
  url          = {https://www.avg.com/es/signal/firmware},
  note         = {Accedido el 25 de agosto de 2024}
}

@misc{checkpoint2024,
  author       = {{Check Point}},
  title        = {¿Qué es el análisis de código estático?},
  year         = {2024},
  url          = {https://www.checkpoint.com/es/cyber-hub/cloud-security/what-is-static-code-analysis},
  note         = {Accedido el 25 de agosto de 2024}
}

@misc{ibm2024,
  author       = {Kosinski, Amber Forrest},
  title        = {Análisis de vulnerabilidades},
  year         = {2024},
  url          = {https://www.ibm.com/mx-es/topics/vulnerability-scanning},
  note         = {Accedido el 25 de agosto de 2024}
}

@misc{vpnunlimited2024,
  author       = {{VPN Unlimited}},
  title        = {Bricking: qué es y cómo prevenirlo},
  year         = 2024,
  url          = {https://www.vpnunlimited.com/es/help/cybersecurity/bricking},
  urldate      = {2024-08-25},
  note         = {Consultado el 25 de agosto de 2024}
}

@misc{telefonica2024,
  author       = {{Telefónica Tech}},
  title        = {Gateway IoT - Soluciones de Conectividad},
  year         = 2024,
  url          = {https://conectividadiot.telefonicatech.com/gateway/},
  urldate      = {2024-08-25},
  note         = {Consultado el 25 de agosto de 2024}
}
